[gd_scene load_steps=7 format=2]

[ext_resource path="res://entities/player_alike/playable_character/playable_character.tscn" type="PackedScene" id=1]
[ext_resource path="res://entities/powers/rope/rope.tscn" type="PackedScene" id=2]
[ext_resource path="res://entities/powers/spring/spring.tscn" type="PackedScene" id=3]
[ext_resource path="res://entities/powers/cannon/cannon.tscn" type="PackedScene" id=4]


























[sub_resource type="RectangleShape2D" id=1]
extents = Vector2( 520, 10 )

[sub_resource type="RectangleShape2D" id=2]
extents = Vector2( 17.3726, 334.598 )

[node name="Debug" type="Node2D"]

[node name="Rope" parent="." instance=ExtResource( 2 )]
position = Vector2( 192, 464 )

[node name="Spring" parent="." instance=ExtResource( 3 )]
position = Vector2( 40, 584 )

[node name="Cannon" parent="." instance=ExtResource( 4 )]
position = Vector2( 352, 576 )
scale = Vector2( -1, 1 )

[node name="PlayableCharacter" parent="." instance=ExtResource( 1 )]
position = Vector2( 203, 79 )

[node name="Floor" type="StaticBody2D" parent="."]
position = Vector2( 192, 248 )

[node name="col" type="CollisionShape2D" parent="Floor"]
position = Vector2( 320, 360 )
shape = SubResource( 1 )

[node name="StaticBody2D" type="StaticBody2D" parent="." groups=[
"wall",
]]
position = Vector2( 761.093, 167.678 )

[node name="CollisionShape2D" type="CollisionShape2D" parent="StaticBody2D"]
position = Vector2( 279.464, 153.408 )
shape = SubResource( 2 )

[node name="StaticBody2D2" type="StaticBody2D" parent="." groups=[
"wall",
]]
position = Vector2( 761.093, 167.678 )

[node name="CollisionShape2D" type="CollisionShape2D" parent="StaticBody2D2"]
position = Vector2( -778.931, 159.354 )
shape = SubResource( 2 )
