[gd_scene load_steps=11 format=2]

[ext_resource path="res://assets/tileset/plataformpack_kenney/monochrome_tilemap_transparent_packed.png" type="Texture" id=1]
[ext_resource path="res://assets/tileset/1bitpack_kenney_1.1/monochrome_transparent_packed.png" type="Texture" id=3]
[ext_resource path="res://hud_elements/HUD_Counter/HUD_Counter.gd" type="Script" id=5]
[ext_resource path="res://hud_elements/HUD_Counter/Single_Power_Counter/Single_Power_Counter.tscn" type="PackedScene" id=6]

[sub_resource type="AtlasTexture" id=1]
atlas = ExtResource( 1 )
region = Rect2( 240, 64, 16, 13 )

[sub_resource type="AtlasTexture" id=2]
atlas = ExtResource( 1 )
region = Rect2( 64, 128, 16, 16 )

[sub_resource type="AtlasTexture" id=3]
atlas = ExtResource( 1 )
region = Rect2( 304, 0, 16, 16 )

[sub_resource type="AtlasTexture" id=4]
atlas = ExtResource( 3 )
region = Rect2( 656, 32, 16, 16 )

[sub_resource type="AtlasTexture" id=5]
atlas = ExtResource( 3 )
region = Rect2( 720, 144, 16, 16 )

[sub_resource type="AtlasTexture" id=6]
atlas = ExtResource( 1 )
region = Rect2( 176, 48, 16, 16 )

[node name="HUD" type="Control"]
anchor_right = 1.0
anchor_bottom = 1.0
script = ExtResource( 5 )
__meta__ = {
"_edit_use_anchors_": false
}

[node name="Powers" type="Control" parent="."]
anchor_top = 1.0
anchor_right = 1.0
anchor_bottom = 1.0
margin_top = -104.0
rect_min_size = Vector2( 0, 104 )
__meta__ = {
"_edit_use_anchors_": false
}

[node name="Power_Selector" type="TextureRect" parent="Powers"]
visible = false
modulate = Color( 0.52, 0.968, 1, 1 )
margin_left = 229.0
margin_top = -5.0
margin_right = 259.0
margin_bottom = 20.0
rect_min_size = Vector2( 30, 25 )
rect_pivot_offset = Vector2( 15, 15 )
texture = SubResource( 1 )
expand = true
__meta__ = {
"_edit_use_anchors_": false
}

[node name="Power_Organizer" type="HBoxContainer" parent="Powers"]
anchor_top = 0.5
anchor_right = 1.0
anchor_bottom = 0.5
margin_top = -32.0
margin_bottom = 32.0
rect_min_size = Vector2( 0, 64 )
custom_constants/separation = 6
alignment = 1
__meta__ = {
"_edit_use_anchors_": false
}

[node name="Power_1" parent="Powers/Power_Organizer" instance=ExtResource( 6 )]
margin_left = 180.0
margin_right = 308.0
object_id = 0

[node name="Icon" type="TextureRect" parent="Powers/Power_Organizer/Power_1"]
modulate = Color( 1, 0, 0, 1 )
anchor_top = 0.5
anchor_bottom = 0.5
margin_left = 24.0
margin_top = -20.0
margin_bottom = 20.0
rect_min_size = Vector2( 40, 40 )
texture = SubResource( 2 )
expand = true
__meta__ = {
"_edit_use_anchors_": false
}

[node name="Power_2" parent="Powers/Power_Organizer" instance=ExtResource( 6 )]
margin_left = 314.0
margin_right = 442.0
object_id = 1

[node name="Icon" type="TextureRect" parent="Powers/Power_Organizer/Power_2"]
modulate = Color( 0.101961, 1, 0, 1 )
anchor_top = 0.5
anchor_bottom = 0.5
margin_left = 24.0
margin_top = -20.0
margin_right = 64.0
margin_bottom = 20.0
rect_min_size = Vector2( 40, 40 )
texture = SubResource( 3 )
expand = true
__meta__ = {
"_edit_use_anchors_": false
}

[node name="Power_3" parent="Powers/Power_Organizer" instance=ExtResource( 6 )]
margin_left = 448.0
margin_right = 576.0
object_id = 2

[node name="Icon" type="TextureRect" parent="Powers/Power_Organizer/Power_3"]
modulate = Color( 0.58, 0.58, 0.58, 1 )
anchor_top = 0.5
anchor_bottom = 0.5
margin_left = 24.0
margin_top = -20.0
margin_right = 64.0
margin_bottom = 20.0
rect_min_size = Vector2( 40, 40 )
texture = SubResource( 4 )
expand = true
flip_h = true
flip_v = true
__meta__ = {
"_edit_use_anchors_": false
}

[node name="Power_4" parent="Powers/Power_Organizer" instance=ExtResource( 6 )]
margin_left = 582.0
margin_right = 710.0
object_id = 3

[node name="Icon" type="TextureRect" parent="Powers/Power_Organizer/Power_4"]
modulate = Color( 0.95, 1, 0, 1 )
margin_left = 24.0
margin_top = 12.0
margin_right = 64.0
margin_bottom = 52.0
rect_min_size = Vector2( 40, 40 )
texture = SubResource( 5 )
expand = true
__meta__ = {
"_edit_use_anchors_": false
}

[node name="Power_5" parent="Powers/Power_Organizer" instance=ExtResource( 6 )]
margin_left = 716.0
margin_right = 844.0
object_id = 4

[node name="Icon" type="TextureRect" parent="Powers/Power_Organizer/Power_5"]
modulate = Color( 0.839216, 0.631373, 0, 1 )
anchor_top = 0.5
anchor_bottom = 0.5
margin_left = 24.0
margin_top = -20.0
margin_right = 64.0
margin_bottom = 20.0
rect_min_size = Vector2( 40, 40 )
texture = SubResource( 6 )
expand = true
__meta__ = {
"_edit_use_anchors_": false
}
